% This file was created with JabRef 2.9.2.
% Encoding: ISO8859_1

% Order alphabetically
% Use something like https://flamingtempura.github.io/bibtex-tidy/ to clean all your bibtex entries
