@article{cantrill2008real,
  title         = {Real-world concurrency},
  author        = {Cantrill, Bryan and Bonwick, Jeff},
  journal       = {Communications of the ACM},
  volume        = {51},
  number        = {11},
  pages         = {34--39},
  year          = {2008},
  publisher     = {ACM New York, NY, USA},
  url           = {\url{https://dl.acm.org/doi/fullHtml/10.1145/1400214.1400227}},
  note          = {Accessed: 2022-05-01}
}
@book{herlihy2020art,
  title         = {The art of multiprocessor programming},
  author        = {Herlihy, Maurice and Shavit, Nir and Luchangco, Victor and Spear, Michael},
  year          = {2020},
  publisher     = {Newnes}
}
@book{osconcepts2021,
  author        = {Silberschatz, Abraham and Gagne, Greg and Galvin, Peter B.},
  title         = {Operating System Concepts},
  edition       = {10th Edition},
  month         = {4},
  year          = {2018},
  publisher     = {Wiley},
  isbn          = {978-1-119-32091-3}
}
@misc{javamemorymodel2014,
  author        = {Oracle\textregistered},
  title         = {Chapter 17 Threads and Locks},
  howpublished  = {\url{https://docs.oracle.com/javase/specs/jls/se8/html/jls-17.html\#jls-17.4}},
  month         = {04},
  year          = {2014},
  note          = {Accessed: 2022-05-01}
}
@misc{cppmemorymodel,
  title         = {Memory Model},
  howpublished  = {\url{https://en.cppreference.com/w/cpp/language/memory\_model}},
  month         = {03},
  year          = {2022},
  note          = {Accessed: 2022-05-01}
}
@article{drepper2007every,
  title         = {What every programmer should know about memory},
  author        = {Drepper, Ulrich},
  journal       = {Red Hat, Inc},
  volume        = {11},
  pages         = {2007},
  year          = {2007}
}
@book{perfbook2021,
  title         = {Is parallel programming hard, and, if so, what can you do about it?},
  author        = {McKenney, Paul E},
  year          = {2021},
  edition       = {Second Edition, Release Candidate 11}
}
@article{scott2013shared,
  title         = {Shared-memory synchronization},
  author        = {Scott, Michael L},
  journal       = {Synthesis Lectures on Computer Architecture},
  volume        = {8},
  number        = {2},
  pages         = {1--221},
  year          = {2013},
  publisher     = {Morgan \& Claypool Publishers}
}
@manual{intelmanualoptimization,
  title        = {Intel{\textregistered} 64 and IA-32 Architectures Optimization Reference Manual},
  organization = {Intel},
  year         = {2021},
  version      = {248966-044b}
}
