@article{cantrill2008real,
  title         = {Real-world concurrency},
  author        = {Cantrill, Bryan and Bonwick, Jeff},
  journal       = {Communications of the ACM},
  volume        = {51},
  number        = {11},
  pages         = {34--39},
  year          = {2008},
  publisher     = {ACM New York, NY, USA},
  url           = {\url{https://dl.acm.org/doi/fullHtml/10.1145/1400214.1400227}},
  note          = {Accessed: 2022-05-01}
}
@book{herlihy2020art,
  title         = {{The Art of Multiprocessor Programming}},
  author        = {Herlihy, Maurice and Shavit, Nir and Luchangco, Victor and Spear, Michael},
  year          = {2020},
  publisher     = {Newnes}
}
@inbook{herlihy2020art_cachecoherence,
  title         = {{The Art of Multiprocessor Programming}},
  author        = {Herlihy, Maurice and Shavit, Nir and Luchangco, Victor and Spear, Michael},
  year          = {2020},
  publisher     = {Newnes},
  chapter       = {B.5.1}
}
@book{osconcepts2021,
  author        = {Silberschatz, Abraham and Gagne, Greg and Galvin, Peter B.},
  title         = {Operating System Concepts},
  edition       = {10th Edition},
  month         = {4},
  year          = {2018},
  publisher     = {Wiley},
  isbn          = {978-1-119-32091-3}
}
@misc{javamemorymodel2014,
  author        = {Oracle\textregistered},
  title         = {{Chapter 17 Threads and Locks}},
  howpublished  = {\url{https://docs.oracle.com/javase/specs/jls/se8/html/jls-17.html\#jls-17.4}},
  month         = {04},
  year          = {2014},
  note          = {Accessed: 2022-05-01}
}
@misc{cppmemorymodel,
  title         = {Memory Model},
  howpublished  = {\url{https://en.cppreference.com/w/cpp/language/memory\_model}},
  month         = {03},
  year          = {2022},
  note          = {Accessed: 2022-05-01}
}
@article{drepper2007every,
  title         = {What every programmer should know about memory},
  author        = {Drepper, Ulrich},
  journal       = {Red Hat, Inc},
  volume        = {11},
  pages         = {2007},
  year          = {2007}
}
@book{perfbook2021,
  title         = {Is parallel programming hard, and, if so, what can you do about it?},
  author        = {McKenney, Paul E},
  year          = {2021},
  edition       = {Second Edition, Release Candidate 11}
}
@inbook{perfbook2021_cacheline,
  title   = {Is parallel programming hard, and, if so, what can you do about it?},
  author  = {McKenney, Paul E},
  year    = {2021},
  edition = {Second Edition, Release Candidate 11},
  chapter = {3.2.1}
}
@article{scott2013shared,
  title         = {Shared-memory synchronization},
  author        = {Scott, Michael L},
  journal       = {Synthesis Lectures on Computer Architecture},
  volume        = {8},
  number        = {2},
  pages         = {1--221},
  year          = {2013},
  publisher     = {Morgan \& Claypool Publishers}
}
@manual{intelmanualoptimization,
  title        = {{Intel{\textregistered} 64 and IA-32 Architectures Optimization Reference Manual}},
  organization = {Intel{\textregistered}},
  year         = {2021},
  version      = {248966-044b}
}
@manual{intel2021system,
  title = {{Intel{\textregistered} 64 and IA-32 Architectures Software Developer's Manual: System Programming Guide}},
  volume = {Volume 3 (3A, 3B, 3C \& 3D)},
  organization = {Intel{\textregistered}},
  year = {2021},
  version = {325384-075US}
}

@manual{intel2021basic,
  title        = {{Intel{\textregistered} 64 and IA-32 Architectures Software Developer's Manual: Basic Architecture}},
  volume       = {Volume 1},
  organization = {Intel{\textregistered}},
  year         = {2021},
  version      = {253665-075US}
}

@manual{intel2021inst,
  title        = {{Intel{\textregistered} 64 and IA-32 Architectures Software Developer's Manual: Instruction Set Reference, A-Z}},
  volume       = {Volume 2 (2A, 2B, 2C \& 2D)},
  organization = {Intel{\textregistered}},
  year         = {2021},
  version      = {253665-075US}
}

@inproceedings{stone1990simple,
  title        = {A simple and correct shared-queue algorithm using compare-and-swap},
  author       = {Stone, Janice M},
  booktitle    = {Supercomputing'90: Proceedings of the 1990 ACM/IEEE Conference on Supercomputing},
  pages        = {495--504},
  year         = {1990},
  organization = {IEEE}
}

@manual{arm2022architecture,
    title = {{Arm Architecture Reference Manual for A-profile Architecture}},
    organization = {Arm{\textregistered} Limited},
    year = {2022},
    version = {ID020222}
}

@article{herlihy1991wait,
  title     = {Wait-free synchronization},
  author    = {Herlihy, Maurice},
  journal   = {ACM Transactions on Programming Languages and Systems (TOPLAS)},
  volume    = {13},
  number    = {1},
  pages     = {124--149},
  year      = {1991},
  publisher = {ACM New York, NY, USA}
}

@phdthesis{valois1995datastructures,
  title  = {Lock-free data structures},
  author = {Valois, John David},
  year   = {1995},
  school = {Rensselaer Polytechnic Institute}
}

@inproceedings{valois1994queues,
  title     = {Implementing lock-free queues},
  author    = {Valois, John D},
  booktitle = {Proceedings of the seventh international conference on Parallel and Distributed Computing Systems},
  pages     = {64--69},
  year      = {1994}
}

@inproceedings{dechev2010understanding,
  title        = {Understanding and effectively preventing the {ABA} problem in descriptor-based lock-free designs},
  author       = {Dechev, Damian and Pirkelbauer, Peter and Stroustrup, Bjarne},
  booktitle    = {2010 13th IEEE International Symposium on Object/Component/Service-Oriented Real-Time Distributed Computing},
  pages        = {185--192},
  year         = {2010},
  organization = {IEEE}
}

@techreport{mellor1987concurrent,
  title       = {{Concurrent Queues: Practical Fetch-and-Phi Algorithms.}},
  author      = {Mellor-Crummey, John M},
  year        = {1987},
  institution = {ROCHESTER UNIV NY DEPT OF COMPUTER SCIENCE}
}

@article{lamport1979make,
  title   = {How to make a multiprocessor computer that correctly executes multiprocess programs},
  author  = {Lamport, Leslie},
  journal = {IEEE Transactions on Computers c-28},
  volume  = {9},
  pages   = {690--691},
  year    = {1979}
}

@article{herlihy1990linearizability,
  title     = {Linearizability: A correctness condition for concurrent objects},
  author    = {Herlihy, Maurice P and Wing, Jeannette M},
  journal   = {ACM Transactions on Programming Languages and Systems (TOPLAS)},
  volume    = {12},
  number    = {3},
  pages     = {463--492},
  year      = {1990},
  publisher = {ACM New York, NY, USA}
}

@phdthesis{gharachorloo1996consistency,
publisher = {ProQuest Dissertations Publishing},
isbn = {9798209518051},
year = {1996},
title = {Memory consistency models for shared-memory multiprocessors},
copyright = {Database copyright ProQuest LLC; ProQuest does not claim copyright in the individual underlying works.},
language = {eng},
author = {Gharachorloo, Kourosh},
keywords = {Computer science ; Electrical engineering},
}

@article{knuth1968art,
  title   = {The Art of Computer Programming, vol 1: Fundamental},
  author  = {Knuth, Donald E},
  journal = {Algorithms},
  pages   = {187},
  year    = {1968}
}

@article{yahav2003automatically,
  title     = {Automatically verifying concurrent queue algorithms},
  author    = {Yahav, Eran and Sagiv, Mooly},
  journal   = {Electronic Notes in Theoretical Computer Science},
  volume    = {89},
  number    = {3},
  pages     = {450--463},
  year      = {2003},
  publisher = {Elsevier}
}

@article{debattista2002high,
  title     = {High performance wait-free thread scheduling on shared memory multiprocessors},
  author    = {Debattista, Kurt and Vella, Kevin},
  year      = {2002},
  publisher = {CSREA Press}
}

@misc{1024cores2021producerconsumer,
  title = {{Producer-Consumer} Queues},
  author = {Vyukov, Dmitry},
  howpublished = {\url{https://www.1024cores.net/home/lock-free-algorithms/queues}},
  note = {Accessed: 16-05-2022}
}

@inproceedings{aldinucci2012efficient,
  title        = {An efficient unbounded lock-free queue for multi-core systems},
  author       = {Aldinucci, Marco and Danelutto, Marco and Kilpatrick, Peter and Meneghin, Massimiliano and Torquati, Massimo},
  booktitle    = {European Conference on Parallel Processing},
  pages        = {662--673},
  year         = {2012},
  organization = {Springer}
}

@inproceedings{arnautov2017ffq,
  title        = {Ffq: A fast single-producer/multiple-consumer concurrent fifo queue},
  author       = {Arnautov, Sergei and Felber, Pascal and Fetzer, Christof and Trach, Bohdan},
  booktitle    = {2017 IEEE International Parallel and Distributed Processing Symposium (IPDPS)},
  pages        = {907--916},
  year         = {2017},
  organization = {IEEE}
}

@inproceedings{michael1996simple,
  title     = {Simple, fast, and practical non-blocking and blocking concurrent queue algorithms},
  author    = {Michael, Maged M and Scott, Michael L},
  booktitle = {Proceedings of the fifteenth annual ACM symposium on Principles of distributed computing},
  pages     = {267--275},
  year      = {1996}
}

@inproceedings{hoffman2007baskets,
  title        = {The baskets queue},
  author       = {Hoffman, Moshe and Shalev, Ori and Shavit, Nir},
  booktitle    = {International Conference On Principles Of Distributed Systems},
  pages        = {401--414},
  year         = {2007},
  organization = {Springer}
}