@inproceedings{rudolph1984dynamic,
  title={Dynamic decentralized cache schemes for MIMD parallel processors},
  author={Rudolph, Larry and Segall, Zary},
  booktitle={Proceedings of the 11th Annual International Symposium on Computer Architecture},
  pages={340--347},
  year={1984}
}

@article{anderson1990performance,
  title={The performance of spin lock alternatives for shared-memory multiprocessors.},
  author={Anderson, Thomas E},
  journal={IEEE Transactions on Parallel and Distributed Systems},
  volume={1},
  number={1},
  pages={6--16},
  year={1990}
}

@article{graunke1990synchronization,
  title={Synchronization algorithms for shared-memory multiprocessors},
  author={Graunke, Gary and Thakkar, Shreekant},
  journal={Computer},
  volume={23},
  number={6},
  pages={60--69},
  year={1990},
  publisher={IEEE}
}

@book{perfbook2021,
  title={Is parallel programming hard, and, if so, what can you do about it?},
  author={McKenney, Paul E},
  year={2021},
  edition={Second Edition, Release Candidate 11}
}

@inproceedings{sahelices2009methodology,
  title={A methodology to characterize critical section bottlenecks in dsm multiprocessors},
  author={Sahelices, Benjam{\'\i}n and Ib{\'a}nez, Pablo and Vi{\~n}als, V{\'\i}ctor and Llaber{\'\i}a, Jos{\'e} Mar{\'\i}a},
  booktitle={European Conference on Parallel Processing},
  pages={149--161},
  year={2009},
  organization={Springer}
}

@inproceedings{valois1994implementing,
  title={Implementing lock-free queues},
  author={Valois, John D},
  booktitle={Proceedings of the seventh international conference on Parallel and Distributed Computing Systems},
  volume={64},
  pages={69},
  year={1994}
}

@phdthesis{valois1995lock,
  title={Lock-free data structures},
  author={Valois, John David},
  year={1995},
  school={Rensselaer Polytechnic Institute}
}

@article{kogan2011wait,
  title={Wait-free queues with multiple enqueuers and dequeuers},
  author={Kogan, Alex and Petrank, Erez},
  journal={ACM SIGPLAN Notices},
  volume={46},
  number={8},
  pages={223--234},
  year={2011},
  publisher={ACM New York, NY, USA}
}

@book{herlihy2020art,
  title     = {The art of multiprocessor programming},
  author    = {Herlihy, Maurice and Shavit, Nir and Luchangco, Victor and Spear, Michael},
  year      = {2020},
  publisher = {Newnes}
}

@manual{intelmanual,
  title  = {Intel{\textregistered} 64 and IA-32 Architectures Software Developer's Manual},
  organization = {Intel},
  year = {2021},
  version      = {325462-075US},
  chapter      = {Chapter 18}
}


@manual{intelmanualoptimization,
  title        = {Intel{\textregistered} 64 and IA-32 Architectures Optimization Reference Manual},
  organization = {Intel},
  year         = {2021},
  version      = {248966-044b}
}

@misc{introlockfree,
  author       = {Jeff Preshing},
  howpublished = {\url{https://preshing.com/20120612/an-introduction-to-lock-free-programming/}},
  title        = {An Introduction to Lock-Free Programming},
  year         = {2012},
  note         = {Accessed: 2021-11-12} 
}


@misc{preshing,
  author       = {Jeff Preshing},
  howpublished = {\url{https://preshing.com/}},
  title        = {Preshing on Programming},
  note         = {Accessed: 2021-11-12}
}

@misc{preshingmutex,
  author       = {Jeff Preshing},
  howpublished = {\url{https://preshing.com/20120226/roll-your-own-lightweight-mutex/}},
  title        = {Roll Your Own Lightweight Mutex},
  year         = {2012},
  note         = {Accessed: 2021-11-12}
}


@misc{preshinglockcontentionslow,
  author       = {Jeff Preshing},
  howpublished = {\url{https://preshing.com/20111118/locks-arent-slow-lock-contention-is/}},
  title        = {Locks Aren't Slow; Lock Contention Is},
  year         = {2011},
  note         = {Accessed: 2021-11-12}
}

@misc{haikubenaphore,
  author       = {Benoit Schillings},
  howpublished = {\url{https://www.haiku-os.org/legacy-docs/benewsletter/Issue1-26.html#Engineering1-26}},
  title        = {Be Engineering Insights: Benaphores},
  year         = {1996},
  note         = {Accessed: 2021-12-13},
  version      = {Issue 1-26}
}

@article{matsumoto1998mersenne,
  title     = {Mersenne twister: a 623-dimensionally equidistributed uniform pseudo-random number generator},
  author    = {Matsumoto, Makoto and Nishimura, Takuji},
  journal   = {ACM Transactions on Modeling and Computer Simulation (TOMACS)},
  volume    = {8},
  number    = {1},
  pages     = {3--30},
  year      = {1998},
  publisher = {ACM New York, NY, USA}
}

@article{mellor1991algorithms,
  title     = {Algorithms for scalable synchronization on shared-memory multiprocessors},
  author    = {Mellor-Crummey, John M and Scott, Michael L},
  journal   = {ACM Transactions on Computer Systems (TOCS)},
  volume    = {9},
  number    = {1},
  pages     = {21--65},
  year      = {1991},
  publisher = {ACM New York, NY, USA}
}

@techreport{craig1993building,
  title       = {Building FIFO and priorityqueuing spin locks from atomic swap},
  author      = {Craig, Travis},
  year        = {1993},
  institution = {Citeseer}
}

@inproceedings{magnusson1994queue,
  title        = {Queue locks on cache coherent multiprocessors},
  author       = {Magnusson, Peter and Landin, Anders and Hagersten, Erik},
  booktitle    = {Proceedings of 8th International Parallel Processing Symposium},
  pages        = {165--171},
  year         = {1994},
  organization = {IEEE}
}

@techreport{intelxeonlockscaling,
  institution     = {Intel {\textregistered}},
  title           = {Lock Scaling Analysis on Intel® Xeon® Processors},
  year            = {2013},
  number          = {328878-001}
}

@misc{methodologygregg,
  author       = {Brendan Gregg},
  howpublished = {\url{https://www.brendangregg.com/methodology.html}},
  title        = {Performance Analysis Methodology},
  year         = {2020},
  note         = {Accessed: 2021-12-10, Last Update 2020-09-10},
}

@misc{fog2020optimizing,
  title     = {Optimizing software in C++},
  author    = {Fog, Agner},
  year      = {2020},
  publisher = {Self-publishing}
}

@article{fog1996optimizing,
  title   = {Optimizing subroutines in assembly language},
  author  = {Fog, Agner},
  journal = {URL: https://www. agner. org/optimize/optimizing\_assembly. pdf},
  year    = {1996}
}

@misc{stinnerpstate,
  author       = {Victor Stinner},
  howpublished = {\url{https://vstinner.github.io/intel-cpus.html}},
  title        = {Intel CPUs: P-state, C-state, Turbo Boost, CPU frequency, etc.},
  year         = {2016},
  note         = {Accessed: 2021-12-11}
}

@inproceedings{boyd2012non,
  title     = {Non-scalable locks are dangerous},
  author    = {Boyd-Wickizer, Silas and Kaashoek, M Frans and Morris, Robert and Zeldovich, Nickolai},
  booktitle = {Proceedings of the Linux Symposium},
  pages     = {119--130},
  year      = {2012}
}

@inproceedings{michael1996simple,
  title     = {Simple, fast, and practical non-blocking and blocking concurrent queue algorithms},
  author    = {Michael, Maged M and Scott, Michael L},
  booktitle = {Proceedings of the fifteenth annual ACM symposium on Principles of distributed computing},
  pages     = {267--275},
  year      = {1996}
}

@inproceedings{moir2005using,
  title     = {Using elimination to implement scalable and lock-free fifo queues},
  author    = {Moir, Mark and Nussbaum, Daniel and Shalev, Ori and Shavit, Nir},
  booktitle = {Proceedings of the seventeenth annual ACM symposium on Parallelism in algorithms and architectures},
  pages     = {253--262},
  year      = {2005}
}

@article{shavit1997elimination,
  title     = {Elimination trees and the construction of pools and stacks},
  author    = {Shavit, Nir and Touitou, Dan},
  journal   = {Theory of Computing Systems},
  volume    = {30},
  number    = {6},
  pages     = {645--670},
  year      = {1997},
  publisher = {Springer}
}

@article{abrial2005formal,
  title   = {Formal Construction of a Non-blocking Concurrent Queue Algorithm (a Case Study in Atomicity).},
  author  = {Abrial, Jean-Raymond and Cansell, Dominique},
  journal = {J. Univers. Comput. Sci.},
  volume  = {11},
  number  = {5},
  pages   = {744--770},
  year    = {2005}
}

@article{herlihy1990linearizability,
  title     = {Linearizability: A correctness condition for concurrent objects},
  author    = {Herlihy, Maurice P and Wing, Jeannette M},
  journal   = {ACM Transactions on Programming Languages and Systems (TOPLAS)},
  volume    = {12},
  number    = {3},
  pages     = {463--492},
  year      = {1990},
  publisher = {ACM New York, NY, USA}
}

@inproceedings{guerraoui2019consensus,
  title     = {The consensus number of a cryptocurrency},
  author    = {Guerraoui, Rachid and Kuznetsov, Petr and Monti, Matteo and Pavlovi{\v{c}}, Matej and Seredinschi, Dragos-Adrian},
  booktitle = {Proceedings of the 2019 ACM Symposium on Principles of Distributed Computing},
  pages     = {307--316},
  year      = {2019}
}

@inproceedings{herlihy2003obstruction,
  title        = {Obstruction-free synchronization: Double-ended queues as an example},
  author       = {Herlihy, Maurice and Luchangco, Victor and Moir, Mark},
  booktitle    = {23rd International Conference on Distributed Computing Systems, 2003. Proceedings.},
  pages        = {522--529},
  year         = {2003},
  organization = {IEEE}
}

@article{knuth1968art,
  title   = {The Art of Computer Programming, vol 1: Fundamental},
  author  = {Knuth, Donald E},
  journal = {Algorithms},
  pages   = {187},
  year    = {1968}
}

@techreport{mellor1987concurrent,
  title       = {Concurrent Queues: Practical Fetch-and-Phi Algorithms.},
  author      = {Mellor-Crummey, John M},
  year        = {1987},
  institution = {ROCHESTER UNIV NY DEPT OF COMPUTER SCIENCE}
}

@article{yahav2003automatically,
  title     = {Automatically verifying concurrent queue algorithms},
  author    = {Yahav, Eran and Sagiv, Mooly},
  journal   = {Electronic Notes in Theoretical Computer Science},
  volume    = {89},
  number    = {3},
  pages     = {450--463},
  year      = {2003},
  publisher = {Elsevier}
}

@inproceedings{hoffman2007baskets,
  title        = {The baskets queue},
  author       = {Hoffman, Moshe and Shalev, Ori and Shavit, Nir},
  booktitle    = {International Conference On Principles Of Distributed Systems},
  pages        = {401--414},
  year         = {2007},
  organization = {Springer}
}

@inproceedings{ladan2004optimistic,
  title        = {An optimistic approach to lock-free FIFO queues},
  author       = {Ladan-Mozes, Edya and Shavit, Nir},
  booktitle    = {International Symposium on Distributed Computing},
  pages        = {117--131},
  year         = {2004},
  organization = {Springer}
}

@phdthesis{gharachorloo1996memory,
  title  = {Memory consistency models for shared-memory multiprocessors},
  author = {Gharachorloo, Kourosh},
  year   = {1996},
  school = {Stanford University}
}

@article{cantrill2008real,
  title     = {Real-world concurrency},
  author    = {Cantrill, Bryan and Bonwick, Jeff},
  journal   = {Communications of the ACM},
  volume    = {51},
  number    = {11},
  pages     = {34--39},
  year      = {2008},
  publisher = {ACM New York, NY, USA},
  url       = {\url{https://dl.acm.org/doi/fullHtml/10.1145/1400214.1400227}},
  note      = {Accessed: 2022-05-01}
}

@misc{javamemorymodel2014,
  author = {Oracle\textregistered},
  title        = {Chapter 17 Threads and Locks},
  howpublished = {\url{https://docs.oracle.com/javase/specs/jls/se8/html/jls-17.html#jls-17.4}},
  month        = {04},
  year         = {2014},
  note         = {Accessed: 2022-05-01}
}

@misc{cppmemorymodel,
  title        = {Memory Model},
  howpublished = {\url{https://en.cppreference.com/w/cpp/language/memory_model}},
  month        = {03},
  year         = {2022},
  note         = {Accessed: 2022-05-01}
},

@book{osconcepts2021,
  author = {Silberschatz, Abraham and Gagne, Greg and Galvin, Peter B.},
  title = {Operating System Concepts},
  edition = {10th Edition},
  month = {4},
  year = {2018},
  publisher = {Wiley},
  isbn = {978-1-119-32091-3}
}

@article{mooreslaw2006,
  author  = {Mollick, Ethan},
  year    = {2006},
  month   = {08},
  pages   = {62 - 75},
  title   = {Establishing Moore's Law},
  volume  = {28},
  journal = {Annals of the History of Computing, IEEE},
  doi     = {10.1109/MAHC.2006.45}
}

@article{drepper2007every,
  title   = {What every programmer should know about memory},
  author  = {Drepper, Ulrich},
  journal = {Red Hat, Inc},
  volume  = {11},
  pages   = {2007},
  year    = {2007}
}

@article{scott2013shared,
  title     = {Shared-memory synchronization},
  author    = {Scott, Michael L},
  journal   = {Synthesis Lectures on Computer Architecture},
  volume    = {8},
  number    = {2},
  pages     = {1--221},
  year      = {2013},
  publisher = {Morgan \& Claypool Publishers}
}