@article{curtsinger2013stabilizer,
  title     = {Stabilizer: Statistically sound performance evaluation},
  author    = {Curtsinger, Charlie and Berger, Emery D},
  journal   = {ACM SIGARCH Computer Architecture News},
  volume    = {41},
  number    = {1},
  pages     = {219--228},
  year      = {2013},
  publisher = {ACM New York, NY, USA}
}
@article{pourmeidani2019performance,
  title  = {Performance Evaluation of Blocking and Non-Blocking Concurrent Queues on GPUs},
  author = {Pourmeidani, Hossein},
  year   = {2019}
}
@article{gilbert2020performance,
  title  = {Performance Evaluation of Different Open-Source Implementations of Data Structures and Algorithms in the Context of a DBMS Buffer Manager},
  author = {Gilbert, Max Fabian},
  year   = {2020}
}