@techreport{michael1995correction,
  title       = {Correction of a Memory Management Method for Lock-Free Data Structures.},
  author      = {Michael, Maged M and Scott, Michael L},
  year        = {1995},
  institution = {ROCHESTER UNIV NY DEPT OF COMPUTER SCIENCE}
}
@misc{java2022queue,
  author       = {Oracle\textregistered},
  title        = {{C}lass {C}oncurrent{L}inked{Q}ueue{<E>}},
  howpublished = {\url{https://docs.oracle.com/javase/8/docs/api/index.html?java/util/concurrent/package-summary.html}},
  note         = {Accessed: 22-06-2022}
}
@misc{boost2022queue,
  author       = {Tim Blechmann},
  title        = {boost/lockfree/queue.hpp},
  howpublished = {\url{https://www.boost.org/doc/libs/1_79_0/boost/lockfree/queue.hppl}},
  month = {04},
  year = {2022},
  note = {Accessed: 22-06-2022}
}