@inproceedings{rudolph1984dynamic,
  title={Dynamic decentralized cache schemes for MIMD parallel processors},
  author={Rudolph, Larry and Segall, Zary},
  booktitle={Proceedings of the 11th Annual International Symposium on Computer Architecture},
  pages={340--347},
  year={1984}
}

@article{anderson1990performance,
  title={The performance of spin lock alternatives for shared-memory multiprocessors.},
  author={Anderson, Thomas E},
  journal={IEEE Transactions on Parallel and Distributed Systems},
  volume={1},
  number={1},
  pages={6--16},
  year={1990}
}

@article{graunke1990synchronization,
  title={Synchronization algorithms for shared-memory multiprocessors},
  author={Graunke, Gary and Thakkar, Shreekant},
  journal={Computer},
  volume={23},
  number={6},
  pages={60--69},
  year={1990},
  publisher={IEEE}
}

@article{mckenney2017parallel,
  title={Is parallel programming hard, and, if so, what can you do about it?},
  author={McKenney, Paul E},
  journal={arXiv preprint arXiv:1701.00854},
  year={2017}
}

@inproceedings{sahelices2009methodology,
  title={A methodology to characterize critical section bottlenecks in dsm multiprocessors},
  author={Sahelices, Benjam{\'\i}n and Ib{\'a}nez, Pablo and Vi{\~n}als, V{\'\i}ctor and Llaber{\'\i}a, Jos{\'e} Mar{\'\i}a},
  booktitle={European Conference on Parallel Processing},
  pages={149--161},
  year={2009},
  organization={Springer}
}

@inproceedings{valois1994implementing,
  title={Implementing lock-free queues},
  author={Valois, John D},
  booktitle={Proceedings of the seventh international conference on Parallel and Distributed Computing Systems},
  volume={64},
  pages={69},
  year={1994}
}

@phdthesis{valois1995lock,
  title={Lock-free data structures},
  author={Valois, John David},
  year={1995},
  school={Rensselaer Polytechnic Institute}
}

@article{kogan2011wait,
  title={Wait-free queues with multiple enqueuers and dequeuers},
  author={Kogan, Alex and Petrank, Erez},
  journal={ACM SIGPLAN Notices},
  volume={46},
  number={8},
  pages={223--234},
  year={2011},
  publisher={ACM New York, NY, USA}
}