@book{gregg2014systems,
  title     = {Systems performance: enterprise and the cloud},
  author    = {Gregg, Brendan},
  year      = {2014},
  publisher = {Pearson Education}
}

@misc{michael1996simple_sourcecode,
  author = {Michael, Maged M and Scott, Michael L},
  title  = {Fast concurrent queue algorithms},
  howpublished = {\url{http://www.cs.rochester.edu/research/synchronization/code/concurrent_queues/SGI.tgz}},
  year   = {1996},
  note   = {Accessed: 2022-08-02}
}