@inproceedings{rudolph1984dynamic,
  title={Dynamic decentralized cache schemes for MIMD parallel processors},
  author={Rudolph, Larry and Segall, Zary},
  booktitle={Proceedings of the 11th Annual International Symposium on Computer Architecture},
  pages={340--347},
  year={1984}
}

@article{anderson1990performance,
  title={The performance of spin lock alternatives for shared-memory multiprocessors.},
  author={Anderson, Thomas E},
  journal={IEEE Transactions on Parallel and Distributed Systems},
  volume={1},
  number={1},
  pages={6--16},
  year={1990}
}

@article{graunke1990synchronization,
  title={Synchronization algorithms for shared-memory multiprocessors},
  author={Graunke, Gary and Thakkar, Shreekant},
  journal={Computer},
  volume={23},
  number={6},
  pages={60--69},
  year={1990},
  publisher={IEEE}
}

@article{mckenney2017parallel,
  title={Is parallel programming hard, and, if so, what can you do about it?},
  author={McKenney, Paul E},
  journal={arXiv preprint arXiv:1701.00854},
  year={2017}
}