@article{mellor1991algorithms,
  title     = {Algorithms for scalable synchronization on shared-memory multiprocessors},
  author    = {Mellor-Crummey, John M and Scott, Michael L},
  journal   = {ACM Transactions on Computer Systems (TOCS)},
  volume    = {9},
  number    = {1},
  pages     = {21--65},
  year      = {1991},
  publisher = {ACM New York, NY, USA}
}